@inproceedings{nath2006sensormap,
  title={Sensormap: a web site for sensors world-wide},
  author={Nath, Suman and Liu, Jie and Miller, Jessica and Zhao, Feng and Santanche, Andre},
  booktitle={Proceedings of the 4th international conference on Embedded networked sensor systems},
  pages={373--374},
  year={2006},
  organization={ACM}
}
@misc{coleman1998clustering,
  title={Clustering user interface},
  author={Coleman, Cole and Sklar, Peter},
  year={1998},
  month=aug # "~4",
  publisher={Google Patents},
  note={US Patent 5,790,121}
}

